@article{dehouck2015maturity,
  title={The maturity of visual programming},
  author={Dehouck, REMI},
  journal={http://www. craft. ai/blog/the-maturity-of-visualprogramming},
  year={2015}
}